[gd_scene load_steps=42 format=2]

[ext_resource path="res://code/player/Player.gd" type="Script" id=1]
[ext_resource path="res://graphix/doop.png" type="Texture" id=2]
[ext_resource path="res://nodes/effects/Trail.tscn" type="PackedScene" id=3]
[ext_resource path="res://code/player/Detection.gd" type="Script" id=4]
[ext_resource path="res://code/player/Walljumping.gd" type="Script" id=5]
[ext_resource path="res://graphix/player/slide.png" type="Texture" id=6]
[ext_resource path="res://graphix/player/run.png" type="Texture" id=7]
[ext_resource path="res://graphix/player/crouch.png" type="Texture" id=8]
[ext_resource path="res://graphix/player/idle.png" type="Texture" id=9]
[ext_resource path="res://graphix/player/jump_up.png" type="Texture" id=10]
[ext_resource path="res://graphix/player/wallcling.png" type="Texture" id=11]
[ext_resource path="res://code/Attack_Areas.gd" type="Script" id=12]
[ext_resource path="res://code/player/Camera.gd" type="Script" id=13]
[ext_resource path="res://nodes/utils/FPS_Counter.tscn" type="PackedScene" id=14]
[ext_resource path="res://fonts/aseprite-theft.ttf" type="DynamicFontData" id=15]
[ext_resource path="res://nodes/utils/Dev_Console.tscn" type="PackedScene" id=16]
[ext_resource path="res://code/player/Sounds.gd" type="Script" id=17]

[sub_resource type="Animation" id=1]
resource_name = "1.5x speed ease"
tracks/0/type = "bezier"
tracks/0/path = NodePath("../AnimationPlayer:playback_speed")
tracks/0/interp = 1
tracks/0/loop_wrap = true
tracks/0/imported = false
tracks/0/enabled = true
tracks/0/keys = {
"points": PoolRealArray( 1.5, -0.25, 0, 0.25, 0, 1, -0.25, 0, 0.25, 0 ),
"times": PoolRealArray( 0, 1 )
}

[sub_resource type="Animation" id=2]
resource_name = "2x speed ease"
tracks/0/type = "bezier"
tracks/0/path = NodePath("../AnimationPlayer:playback_speed")
tracks/0/interp = 1
tracks/0/loop_wrap = true
tracks/0/imported = false
tracks/0/enabled = true
tracks/0/keys = {
"points": PoolRealArray( 2, -0.25, 0, 0.25, 0, 1, -0.25, 0, 0.25, 0 ),
"times": PoolRealArray( 0, 1 )
}

[sub_resource type="Animation" id=3]
resource_name = "DEFAULT"
tracks/0/type = "value"
tracks/0/path = NodePath("../AnimationPlayer:playback_speed")
tracks/0/interp = 1
tracks/0/loop_wrap = true
tracks/0/imported = false
tracks/0/enabled = true
tracks/0/keys = {
"times": PoolRealArray( 0 ),
"transitions": PoolRealArray( 1 ),
"update": 0,
"values": [ 1.0 ]
}

[sub_resource type="Animation" id=4]
resource_name = "dying"
tracks/0/type = "bezier"
tracks/0/path = NodePath("Sprite:rotation_degrees")
tracks/0/interp = 1
tracks/0/loop_wrap = true
tracks/0/imported = false
tracks/0/enabled = true
tracks/0/keys = {
"points": PoolRealArray( 0, -0.25, 0, 0.0804765, 357.96, 540, -0.25, 0, 0.25, 0 ),
"times": PoolRealArray( 0, 1 )
}

[sub_resource type="Animation" id=5]
length = 20.0
tracks/0/type = "value"
tracks/0/path = NodePath("Sprite:scale")
tracks/0/interp = 1
tracks/0/loop_wrap = true
tracks/0/imported = false
tracks/0/enabled = true
tracks/0/keys = {
"times": PoolRealArray( 0, 1 ),
"transitions": PoolRealArray( -2, 0.5 ),
"update": 0,
"values": [ Vector2( 1, 1 ), Vector2( 0.9, 1.2 ) ]
}
tracks/1/type = "value"
tracks/1/path = NodePath("Sprite:position")
tracks/1/interp = 1
tracks/1/loop_wrap = true
tracks/1/imported = false
tracks/1/enabled = true
tracks/1/keys = {
"times": PoolRealArray( 0 ),
"transitions": PoolRealArray( 1 ),
"update": 0,
"values": [ Vector2( 0, 0 ) ]
}

[sub_resource type="Animation" id=6]
tracks/0/type = "value"
tracks/0/path = NodePath("Sprite:scale")
tracks/0/interp = 1
tracks/0/loop_wrap = true
tracks/0/imported = false
tracks/0/enabled = true
tracks/0/keys = {
"times": PoolRealArray( 0, 0.2 ),
"transitions": PoolRealArray( 1, 1 ),
"update": 0,
"values": [ Vector2( 0.8, 1.2 ), Vector2( 1, 1 ) ]
}
tracks/1/type = "value"
tracks/1/path = NodePath("Sprite:position")
tracks/1/interp = 1
tracks/1/loop_wrap = true
tracks/1/imported = false
tracks/1/enabled = true
tracks/1/keys = {
"times": PoolRealArray( 0, 0.2 ),
"transitions": PoolRealArray( 1, 1 ),
"update": 0,
"values": [ Vector2( 0, -2 ), Vector2( 0, 0 ) ]
}

[sub_resource type="Animation" id=7]
length = 0.2
tracks/0/type = "value"
tracks/0/path = NodePath("Sprite:scale")
tracks/0/interp = 1
tracks/0/loop_wrap = true
tracks/0/imported = false
tracks/0/enabled = true
tracks/0/keys = {
"times": PoolRealArray( 0, 0.2 ),
"transitions": PoolRealArray( 2, 1 ),
"update": 0,
"values": [ Vector2( 1.2, 0.8 ), Vector2( 1, 1 ) ]
}
tracks/1/type = "value"
tracks/1/path = NodePath("Sprite:position")
tracks/1/interp = 1
tracks/1/loop_wrap = true
tracks/1/imported = false
tracks/1/enabled = true
tracks/1/keys = {
"times": PoolRealArray( 0, 0.2 ),
"transitions": PoolRealArray( 2, 1 ),
"update": 0,
"values": [ Vector2( 0, 3 ), Vector2( 0, 0 ) ]
}

[sub_resource type="Animation" id=8]
length = 0.02
tracks/0/type = "value"
tracks/0/path = NodePath("Sprite:scale")
tracks/0/interp = 1
tracks/0/loop_wrap = true
tracks/0/imported = false
tracks/0/enabled = true
tracks/0/keys = {
"times": PoolRealArray( 0 ),
"transitions": PoolRealArray( 1 ),
"update": 0,
"values": [ Vector2( 1, 1 ) ]
}
tracks/1/type = "value"
tracks/1/path = NodePath("Sprite:position")
tracks/1/interp = 1
tracks/1/loop_wrap = true
tracks/1/imported = false
tracks/1/enabled = true
tracks/1/keys = {
"times": PoolRealArray( 0 ),
"transitions": PoolRealArray( 1 ),
"update": 0,
"values": [ Vector2( 0, 0 ) ]
}

[sub_resource type="Animation" id=9]
tracks/0/type = "value"
tracks/0/path = NodePath("Sprite:scale")
tracks/0/interp = 1
tracks/0/loop_wrap = true
tracks/0/imported = false
tracks/0/enabled = true
tracks/0/keys = {
"times": PoolRealArray( 0, 0.4 ),
"transitions": PoolRealArray( 0.5, 1 ),
"update": 0,
"values": [ Vector2( 1.2, 0.65 ), Vector2( 1, 1 ) ]
}
tracks/1/type = "value"
tracks/1/path = NodePath("Sprite:position")
tracks/1/interp = 1
tracks/1/loop_wrap = true
tracks/1/imported = false
tracks/1/enabled = true
tracks/1/keys = {
"times": PoolRealArray( 0, 0.4 ),
"transitions": PoolRealArray( 0.5, 1 ),
"update": 0,
"values": [ Vector2( 0, 6 ), Vector2( 0, 0 ) ]
}

[sub_resource type="Animation" id=10]
length = 0.3
tracks/0/type = "value"
tracks/0/path = NodePath("Sprite:scale")
tracks/0/interp = 1
tracks/0/loop_wrap = true
tracks/0/imported = false
tracks/0/enabled = true
tracks/0/keys = {
"times": PoolRealArray( 0, 0.2 ),
"transitions": PoolRealArray( 2, 1 ),
"update": 0,
"values": [ Vector2( 1.2, 0.7 ), Vector2( 1, 1 ) ]
}
tracks/1/type = "value"
tracks/1/path = NodePath("Sprite:position")
tracks/1/interp = 1
tracks/1/loop_wrap = true
tracks/1/imported = false
tracks/1/enabled = true
tracks/1/keys = {
"times": PoolRealArray( 0, 0.2 ),
"transitions": PoolRealArray( 2, 1 ),
"update": 0,
"values": [ Vector2( 2, -2 ), Vector2( 0, 0 ) ]
}

[sub_resource type="Animation" id=11]
length = 0.3
tracks/0/type = "value"
tracks/0/path = NodePath("Sprite:scale")
tracks/0/interp = 1
tracks/0/loop_wrap = true
tracks/0/imported = false
tracks/0/enabled = true
tracks/0/keys = {
"times": PoolRealArray( 0, 0.2 ),
"transitions": PoolRealArray( 2, 1 ),
"update": 0,
"values": [ Vector2( 0.7, 1.1 ), Vector2( 1, 1 ) ]
}
tracks/1/type = "value"
tracks/1/path = NodePath("Sprite:position")
tracks/1/interp = 1
tracks/1/loop_wrap = true
tracks/1/imported = false
tracks/1/enabled = true
tracks/1/keys = {
"times": PoolRealArray( 0, 0.2 ),
"transitions": PoolRealArray( 2, 1 ),
"update": 0,
"values": [ Vector2( -2, 0 ), Vector2( 0, 0 ) ]
}

[sub_resource type="Animation" id=12]
tracks/0/type = "value"
tracks/0/path = NodePath("Sprite:scale")
tracks/0/interp = 1
tracks/0/loop_wrap = true
tracks/0/imported = false
tracks/0/enabled = true
tracks/0/keys = {
"times": PoolRealArray( 0, 0.2 ),
"transitions": PoolRealArray( 2, 1 ),
"update": 0,
"values": [ Vector2( 1.2, 0.7 ), Vector2( 1, 1 ) ]
}
tracks/1/type = "value"
tracks/1/path = NodePath("Sprite:position")
tracks/1/interp = 1
tracks/1/loop_wrap = true
tracks/1/imported = false
tracks/1/enabled = true
tracks/1/keys = {
"times": PoolRealArray( 0, 0.2 ),
"transitions": PoolRealArray( 2, 1 ),
"update": 0,
"values": [ Vector2( -2, -2 ), Vector2( 0, 0 ) ]
}

[sub_resource type="Animation" id=13]
length = 0.2
tracks/0/type = "value"
tracks/0/path = NodePath("Sprite:scale")
tracks/0/interp = 1
tracks/0/loop_wrap = true
tracks/0/imported = false
tracks/0/enabled = true
tracks/0/keys = {
"times": PoolRealArray( 0, 0.2 ),
"transitions": PoolRealArray( 2, 1 ),
"update": 0,
"values": [ Vector2( 0.7, 1.1 ), Vector2( 1, 1 ) ]
}
tracks/1/type = "value"
tracks/1/path = NodePath("Sprite:position")
tracks/1/interp = 1
tracks/1/loop_wrap = true
tracks/1/imported = false
tracks/1/enabled = true
tracks/1/keys = {
"times": PoolRealArray( 0, 0.2 ),
"transitions": PoolRealArray( 2, 1 ),
"update": 0,
"values": [ Vector2( 2, 0 ), Vector2( 0, 0 ) ]
}

[sub_resource type="Animation" id=14]
length = 0.02
loop = true
tracks/0/type = "value"
tracks/0/path = NodePath("Sprite:frame")
tracks/0/interp = 1
tracks/0/loop_wrap = true
tracks/0/imported = false
tracks/0/enabled = true
tracks/0/keys = {
"times": PoolRealArray( 0 ),
"transitions": PoolRealArray( 1 ),
"update": 0,
"values": [ 8 ]
}
tracks/1/type = "value"
tracks/1/path = NodePath("Sprite:texture")
tracks/1/interp = 1
tracks/1/loop_wrap = true
tracks/1/imported = false
tracks/1/enabled = true
tracks/1/keys = {
"times": PoolRealArray( 0 ),
"transitions": PoolRealArray( 1 ),
"update": 1,
"values": [ ExtResource( 7 ) ]
}
tracks/2/type = "value"
tracks/2/path = NodePath("Sprite:hframes")
tracks/2/interp = 1
tracks/2/loop_wrap = true
tracks/2/imported = false
tracks/2/enabled = true
tracks/2/keys = {
"times": PoolRealArray( 0 ),
"transitions": PoolRealArray( 1 ),
"update": 1,
"values": [ 10 ]
}

[sub_resource type="Animation" id=15]
length = 999.0
step = 0.02
tracks/0/type = "value"
tracks/0/path = NodePath("Sprite:frame")
tracks/0/interp = 1
tracks/0/loop_wrap = true
tracks/0/imported = false
tracks/0/enabled = true
tracks/0/keys = {
"times": PoolRealArray( 0, 0.04, 0.08 ),
"transitions": PoolRealArray( 1, 1, 1 ),
"update": 1,
"values": [ 1, 3, 2 ]
}
tracks/1/type = "value"
tracks/1/path = NodePath("Sprite:hframes")
tracks/1/interp = 1
tracks/1/loop_wrap = true
tracks/1/imported = false
tracks/1/enabled = true
tracks/1/keys = {
"times": PoolRealArray( 0 ),
"transitions": PoolRealArray( 1 ),
"update": 1,
"values": [ 4 ]
}
tracks/2/type = "value"
tracks/2/path = NodePath("Sprite:texture")
tracks/2/interp = 1
tracks/2/loop_wrap = true
tracks/2/imported = false
tracks/2/enabled = true
tracks/2/keys = {
"times": PoolRealArray( 0 ),
"transitions": PoolRealArray( 1 ),
"update": 1,
"values": [ ExtResource( 8 ) ]
}

[sub_resource type="Animation" id=16]
loop = true
tracks/0/type = "value"
tracks/0/path = NodePath("Sprite:frame")
tracks/0/interp = 1
tracks/0/loop_wrap = true
tracks/0/imported = false
tracks/0/enabled = true
tracks/0/keys = {
"times": PoolRealArray( 0, 1 ),
"transitions": PoolRealArray( 1, 1 ),
"update": 0,
"values": [ 0, 6 ]
}
tracks/1/type = "value"
tracks/1/path = NodePath("Sprite:hframes")
tracks/1/interp = 1
tracks/1/loop_wrap = true
tracks/1/imported = false
tracks/1/enabled = true
tracks/1/keys = {
"times": PoolRealArray( 0 ),
"transitions": PoolRealArray( 1 ),
"update": 1,
"values": [ 6 ]
}
tracks/2/type = "value"
tracks/2/path = NodePath("Sprite:texture")
tracks/2/interp = 1
tracks/2/loop_wrap = true
tracks/2/imported = false
tracks/2/enabled = true
tracks/2/keys = {
"times": PoolRealArray( 0 ),
"transitions": PoolRealArray( 1 ),
"update": 1,
"values": [ ExtResource( 9 ) ]
}

[sub_resource type="Animation" id=17]
length = 20.0
tracks/0/type = "value"
tracks/0/path = NodePath("Sprite:frame")
tracks/0/interp = 1
tracks/0/loop_wrap = true
tracks/0/imported = false
tracks/0/enabled = true
tracks/0/keys = {
"times": PoolRealArray( 0, 0.4 ),
"transitions": PoolRealArray( 1, 1 ),
"update": 0,
"values": [ 1, 4 ]
}
tracks/1/type = "value"
tracks/1/path = NodePath("Sprite:texture")
tracks/1/interp = 1
tracks/1/loop_wrap = true
tracks/1/imported = false
tracks/1/enabled = true
tracks/1/keys = {
"times": PoolRealArray( 0 ),
"transitions": PoolRealArray( 1 ),
"update": 1,
"values": [ ExtResource( 10 ) ]
}
tracks/2/type = "value"
tracks/2/path = NodePath("Sprite:hframes")
tracks/2/interp = 1
tracks/2/loop_wrap = true
tracks/2/imported = false
tracks/2/enabled = true
tracks/2/keys = {
"times": PoolRealArray( 0 ),
"transitions": PoolRealArray( 1 ),
"update": 1,
"values": [ 9 ]
}

[sub_resource type="Animation" id=18]
length = 0.5
loop = true
step = 0.02
tracks/0/type = "value"
tracks/0/path = NodePath("Sprite:frame")
tracks/0/interp = 1
tracks/0/loop_wrap = true
tracks/0/imported = false
tracks/0/enabled = true
tracks/0/keys = {
"times": PoolRealArray( 0, 0.5 ),
"transitions": PoolRealArray( 1, 1 ),
"update": 0,
"values": [ 0, 9 ]
}
tracks/1/type = "value"
tracks/1/path = NodePath("Sprite:texture")
tracks/1/interp = 1
tracks/1/loop_wrap = true
tracks/1/imported = false
tracks/1/enabled = true
tracks/1/keys = {
"times": PoolRealArray( 0 ),
"transitions": PoolRealArray( 1 ),
"update": 1,
"values": [ ExtResource( 7 ) ]
}
tracks/2/type = "value"
tracks/2/path = NodePath("Sprite:hframes")
tracks/2/interp = 1
tracks/2/loop_wrap = true
tracks/2/imported = false
tracks/2/enabled = true
tracks/2/keys = {
"times": PoolRealArray( 0 ),
"transitions": PoolRealArray( 1 ),
"update": 1,
"values": [ 10 ]
}
tracks/3/type = "method"
tracks/3/path = NodePath(".")
tracks/3/interp = 1
tracks/3/loop_wrap = true
tracks/3/imported = false
tracks/3/enabled = true
tracks/3/keys = {
"times": PoolRealArray( 0.0395185, 0.290728 ),
"transitions": PoolRealArray( 1, 1 ),
"values": [ {
"args": [  ],
"method": "make_step_particle"
}, {
"args": [  ],
"method": "make_step_particle"
} ]
}

[sub_resource type="Animation" id=19]
length = 0.2
step = 0.02

[sub_resource type="Animation" id=20]
length = 0.16
step = 0.02
tracks/0/type = "value"
tracks/0/path = NodePath("Sprite:frame")
tracks/0/interp = 1
tracks/0/loop_wrap = true
tracks/0/imported = false
tracks/0/enabled = true
tracks/0/keys = {
"times": PoolRealArray( 0, 0.04, 0.1 ),
"transitions": PoolRealArray( 1, 1, 1 ),
"update": 1,
"values": [ 3, 4, 7 ]
}
tracks/1/type = "value"
tracks/1/path = NodePath("Sprite:texture")
tracks/1/interp = 1
tracks/1/loop_wrap = true
tracks/1/imported = false
tracks/1/enabled = true
tracks/1/keys = {
"times": PoolRealArray( 0 ),
"transitions": PoolRealArray( 1 ),
"update": 1,
"values": [ ExtResource( 6 ) ]
}
tracks/2/type = "value"
tracks/2/path = NodePath("Sprite:hframes")
tracks/2/interp = 1
tracks/2/loop_wrap = true
tracks/2/imported = false
tracks/2/enabled = true
tracks/2/keys = {
"times": PoolRealArray( -0.02 ),
"transitions": PoolRealArray( 1 ),
"update": 1,
"values": [ 9 ]
}

[sub_resource type="Animation" id=21]
length = 0.2
loop = true
tracks/0/type = "value"
tracks/0/path = NodePath("Sprite:frame")
tracks/0/interp = 1
tracks/0/loop_wrap = true
tracks/0/imported = false
tracks/0/enabled = true
tracks/0/keys = {
"times": PoolRealArray( 0, 0.1 ),
"transitions": PoolRealArray( 1, 1 ),
"update": 1,
"values": [ 1, 2 ]
}
tracks/1/type = "value"
tracks/1/path = NodePath("Sprite:texture")
tracks/1/interp = 1
tracks/1/loop_wrap = true
tracks/1/imported = false
tracks/1/enabled = true
tracks/1/keys = {
"times": PoolRealArray( 0 ),
"transitions": PoolRealArray( 1 ),
"update": 1,
"values": [ ExtResource( 6 ) ]
}
tracks/2/type = "value"
tracks/2/path = NodePath("Sprite:hframes")
tracks/2/interp = 1
tracks/2/loop_wrap = true
tracks/2/imported = false
tracks/2/enabled = true
tracks/2/keys = {
"times": PoolRealArray( 0 ),
"transitions": PoolRealArray( 1 ),
"update": 1,
"values": [ 9 ]
}
tracks/3/type = "method"
tracks/3/path = NodePath(".")
tracks/3/interp = 1
tracks/3/loop_wrap = true
tracks/3/imported = false
tracks/3/enabled = true
tracks/3/keys = {
"times": PoolRealArray( 0.00106807, 0.0677155, 0.136926 ),
"transitions": PoolRealArray( 1, 1, 1 ),
"values": [ {
"args": [  ],
"method": "make_step_particle"
}, {
"args": [  ],
"method": "make_step_particle"
}, {
"args": [  ],
"method": "make_step_particle"
} ]
}

[sub_resource type="Animation" id=22]
length = 0.04
tracks/0/type = "value"
tracks/0/path = NodePath("Sprite:frame")
tracks/0/interp = 1
tracks/0/loop_wrap = true
tracks/0/imported = false
tracks/0/enabled = true
tracks/0/keys = {
"times": PoolRealArray( 0 ),
"transitions": PoolRealArray( 1 ),
"update": 1,
"values": [ 0 ]
}
tracks/1/type = "value"
tracks/1/path = NodePath("Sprite:texture")
tracks/1/interp = 1
tracks/1/loop_wrap = true
tracks/1/imported = false
tracks/1/enabled = true
tracks/1/keys = {
"times": PoolRealArray( 0 ),
"transitions": PoolRealArray( 1 ),
"update": 1,
"values": [ ExtResource( 6 ) ]
}
tracks/2/type = "value"
tracks/2/path = NodePath("Sprite:hframes")
tracks/2/interp = 1
tracks/2/loop_wrap = true
tracks/2/imported = false
tracks/2/enabled = true
tracks/2/keys = {
"times": PoolRealArray( 0 ),
"transitions": PoolRealArray( 1 ),
"update": 1,
"values": [ 9 ]
}

[sub_resource type="Animation" id=23]
length = 0.5
loop = true
tracks/0/type = "value"
tracks/0/path = NodePath("Sprite:frame")
tracks/0/interp = 1
tracks/0/loop_wrap = true
tracks/0/imported = false
tracks/0/enabled = true
tracks/0/keys = {
"times": PoolRealArray( 0, 0.5 ),
"transitions": PoolRealArray( 1, 1 ),
"update": 0,
"values": [ 0, 4 ]
}
tracks/1/type = "value"
tracks/1/path = NodePath("Sprite:texture")
tracks/1/interp = 1
tracks/1/loop_wrap = true
tracks/1/imported = false
tracks/1/enabled = true
tracks/1/keys = {
"times": PoolRealArray( 0 ),
"transitions": PoolRealArray( 1 ),
"update": 1,
"values": [ ExtResource( 11 ) ]
}
tracks/2/type = "value"
tracks/2/path = NodePath("Sprite:hframes")
tracks/2/interp = 1
tracks/2/loop_wrap = true
tracks/2/imported = false
tracks/2/enabled = true
tracks/2/keys = {
"times": PoolRealArray( 0 ),
"transitions": PoolRealArray( 1 ),
"update": 1,
"values": [ 4 ]
}

[sub_resource type="DynamicFont" id=24]
size = 14
font_data = ExtResource( 15 )

[node name="Player" type="KinematicBody2D"]
z_index = 1
collision_mask = 4
script = ExtResource( 1 )

[node name="Effects" type="Node2D" parent="."]
editor/display_folded = true

[node name="Backlight" type="Light2D" parent="Effects"]
editor/display_folded = true
position = Vector2( 0, 6 )
texture = ExtResource( 2 )
color = Color( 0.27451, 0, 0.427451, 1 )
range_z_min = -100
range_z_max = -100
shadow_enabled = true
shadow_color = Color( 0, 0, 0, 0.705882 )
shadow_filter = 1
shadow_filter_smooth = 30.0

[node name="Position2D" type="Position2D" parent="Effects/Backlight"]
visible = false

[node name="Trail" parent="Effects" instance=ExtResource( 3 )]

[node name="SmokePoints" type="Node2D" parent="Effects"]
visible = false

[node name="run" type="Position2D" parent="Effects/SmokePoints"]
position = Vector2( -4, 15.94 )

[node name="land" type="Position2D" parent="Effects/SmokePoints"]
position = Vector2( 0, 18 )

[node name="Speeder" type="AnimationPlayer" parent="Effects"]
playback_speed = 0.2
"anims/1.5x speed ease" = SubResource( 1 )
"anims/2x speed ease" = SubResource( 2 )
anims/DEFAULT = SubResource( 3 )

[node name="Walls_Hitbox" type="CollisionPolygon2D" parent="."]
visible = false
light_mask = 0
polygon = PoolVector2Array( 5, -12, 5, 16, -5, 16, -5, -12 )

[node name="Slide_Walls_Hitbox" type="CollisionPolygon2D" parent="."]
visible = false
light_mask = 0
polygon = PoolVector2Array( -11, 16, -11, 2, 11, 2, 11, 16 )
disabled = true

[node name="Detection" type="Node2D" parent="."]
script = ExtResource( 4 )

[node name="Floor_Detector" type="Area2D" parent="Detection"]
editor/display_folded = true
visible = false
collision_layer = 0
collision_mask = 4

[node name="Collider" type="CollisionPolygon2D" parent="Detection/Floor_Detector"]
polygon = PoolVector2Array( -5, 16, -5, 16.2, 5, 16.2, 5, 16 )

[node name="Damage_Detector" type="Area2D" parent="Detection"]
editor/display_folded = true
visible = false
collision_mask = 8

[node name="Standing" type="CollisionPolygon2D" parent="Detection/Damage_Detector"]
light_mask = 0
polygon = PoolVector2Array( 0, -10, 3, -7, 4, 0, 2, 14, -2, 14, -4, 0, -3, -7 )

[node name="Sliding" type="CollisionPolygon2D" parent="Detection/Damage_Detector"]
light_mask = 0
polygon = PoolVector2Array( -12, 16, -12, 10, -8, 1, -3, 7, 9, 9, 15, 16 )
disabled = true

[node name="Standup_Detector" type="Area2D" parent="Detection"]
editor/display_folded = true
visible = false
collision_layer = 0
collision_mask = 4

[node name="CollisionPolygon2D" type="CollisionPolygon2D" parent="Detection/Standup_Detector"]
polygon = PoolVector2Array( -4, -13, -6, 12, 6, 12, 4, -13 )

[node name="Health" type="Node2D" parent="."]

[node name="Wall_Jumping" type="Node2D" parent="."]
script = ExtResource( 5 )

[node name="Sprite" type="Sprite" parent="."]
light_mask = 2
texture = ExtResource( 6 )
hframes = 9
frame = 1

[node name="SpriteScaler" type="AnimationPlayer" parent="."]
anims/dying = SubResource( 4 )
anims/falling = SubResource( 5 )
anims/jumped_stretch = SubResource( 6 )
anims/landed_shrink = SubResource( 7 )
anims/reset = SubResource( 8 )
anims/started_sliding = SubResource( 9 )
anims/wall_left_jump = SubResource( 10 )
anims/wall_left_landed = SubResource( 11 )
anims/wall_right_jump = SubResource( 12 )
anims/wall_right_landed = SubResource( 13 )

[node name="AnimationPlayer" type="AnimationPlayer" parent="."]
playback_process_mode = 0
anims/air = SubResource( 14 )
anims/crouch = SubResource( 15 )
anims/idle = SubResource( 16 )
anims/jump_up = SubResource( 17 )
anims/run = SubResource( 18 )
anims/slash_1 = SubResource( 19 )
anims/slide_end = SubResource( 20 )
anims/slide_loop = SubResource( 21 )
anims/slide_start = SubResource( 22 )
anims/wall_cling = SubResource( 23 )

[node name="Attack_Areas" type="Node2D" parent="."]
editor/display_folded = true
script = ExtResource( 12 )

[node name="slash_1" type="Area2D" parent="Attack_Areas"]
editor/display_folded = true
visible = false
collision_layer = 0
collision_mask = 2

[node name="coll" type="CollisionPolygon2D" parent="Attack_Areas/slash_1"]
polygon = PoolVector2Array( 4, -6, 38, -10, 40, 2, 4, 0, -10, -4 )

[node name="slash_2" type="Area2D" parent="Attack_Areas"]
editor/display_folded = true
visible = false
collision_layer = 0
collision_mask = 2

[node name="coll" type="CollisionPolygon2D" parent="Attack_Areas/slash_2"]
position = Vector2( 6, 10 )
polygon = PoolVector2Array( -10, -8, -6, -20, 8, -24, 16, -18, 22, -4, 10, 2, 0, 2, -10, -2 )

[node name="Use_Global_Center" type="Node" parent="."]

[node name="Camera" type="Camera2D" parent="Use_Global_Center"]
z_index = 1000
z_as_relative = false
current = true
drag_margin_h_enabled = false
drag_margin_v_enabled = false
script = ExtResource( 13 )

[node name="HUD" type="Node2D" parent="Use_Global_Center/Camera"]
z_index = 1000
z_as_relative = false

[node name="Hp_Bar" type="Node2D" parent="Use_Global_Center/Camera/HUD"]
position = Vector2( -164, -145 )

[node name="debug" type="Label" parent="Use_Global_Center/Camera"]
margin_left = -230.0
margin_top = -120.0
margin_right = -190.0
margin_bottom = -106.0

[node name="FPS_Counter" parent="Use_Global_Center/Camera" instance=ExtResource( 14 )]
margin_left = 124.0
margin_top = 144.0
margin_right = 239.0
margin_bottom = 160.0
custom_fonts/font = SubResource( 24 )
text = "__"
align = 2

[node name="Dev_Console" parent="Use_Global_Center/Camera" instance=ExtResource( 16 )]
visible = false
margin_left = -240.0
margin_top = -160.0
margin_right = 240.0
margin_bottom = 70.0

[node name="Sounds" type="Node2D" parent="."]
script = ExtResource( 17 )

[node name="steps" type="AudioStreamPlayer2D" parent="Sounds"]
[connection signal="area_entered" from="Detection/Damage_Detector" to="." method="_on_Damage_Detector_body_entered"]
[connection signal="body_entered" from="Detection/Damage_Detector" to="." method="_on_Damage_Detector_body_entered"]
